<?xml version="1.0" encoding="UTF-8"?><collection xmlns="http://www.loc.gov/MARC21/slim"><record><leader>00510nam--2200181-i-4500</leader><controlfield tag="001">000005100</controlfield><controlfield tag="002">20161230</controlfield><controlfield tag="005">20161230201026</controlfield><controlfield tag="008">060222s1000------------r-----000-0-eng-d</controlfield><datafield ind1=" " ind2=" " tag="040"><subfield code="a">IFIN-HH</subfield></datafield><datafield ind1=" " ind2=" " tag="080"><subfield code="a">519.24</subfield></datafield><datafield ind1="1" ind2=" " tag="100"><subfield code="a">Anderson, T.W</subfield></datafield><datafield ind1="1" ind2="0" tag="245"><subfield code="a">An introduction to multivariate statistical analysis</subfield><subfield code="c">T.w. anderson</subfield></datafield><datafield ind1=" " ind2=" " tag="260"><subfield code="a">New York</subfield><subfield code="b">John Wiley</subfield><subfield code="c">1958</subfield></datafield><datafield ind1=" " ind2=" " tag="300"><subfield code="a">XII + 374 P</subfield></datafield><datafield ind1=" " ind2=" " tag="490"><subfield code="a">Wiley Publication In Mathematical Statistics</subfield></datafield><datafield ind1=" " ind2=" " tag="852"><subfield code="a">15608</subfield><subfield code="c">519.24</subfield></datafield><datafield ind1=" " ind2=" " tag="CAT"><subfield code="a">Sys</subfield><subfield code="c">20130802</subfield><subfield code="h">113021</subfield></datafield></record></collection>